@article{bump2023video,
  author  = {Bump, Pamela},
  title   = {How Video Consumption is Changing in 2023},
  year    = {2023},
  journal = {HubSpot},
  month   = apr,
  day     = 3,
  url     = {https://blog.hubspot.com/marketing/how-video-consumption-is-changing}
}

@article{elasticsearch,
  author = {Elasticsearch},
  url    = {https://www.elastic.co/}
}

@misc{wav2vec2,
      title={wav2vec 2.0: A Framework for Self-Supervised Learning of Speech Representations}, 
      author={Alexei Baevski and Henry Zhou and Abdelrahman Mohamed and Michael Auli},
      year={2020},
      eprint={2006.11477},
      archivePrefix={arXiv},
      primaryClass={cs.CL}
}


@misc{wav2vec,
      title={wav2vec: Unsupervised Pre-training for Speech Recognition}, 
      author={Steffen Schneider and Alexei Baevski and Ronan Collobert and Michael Auli},
      year={2019},
      eprint={1904.05862},
      archivePrefix={arXiv},
      primaryClass={cs.CL}
}

@article{librispeech,
  author    = {Panayotov, Vassil and Chen, Guoguo and Povey, Daniel and Khudanpur, Sanjeev},
  booktitle = {2015 IEEE International Conference on Acoustics, Speech and Signal Processing (ICASSP)},
  title     = {Librispeech: An ASR corpus based on public domain audio books},
  year      = {2015},
  volume    = {},
  number    = {},
  pages     = {5206-5210},
  keywords  = {Resource description framework;Genomics;Bioinformatics;Blogs;Information services;Electronic publishing;Speech Recognition;Corpus;LibriVox},
  doi       = {10.1109/ICASSP.2015.7178964}
}

@misc{commonvoice,
      title={Common Voice: A Massively-Multilingual Speech Corpus}, 
      author={Rosana Ardila and Megan Branson and Kelly Davis and Michael Henretty and Michael Kohler and Josh Meyer and Reuben Morais and Lindsay Saunders and Francis M. Tyers and Gregor Weber},
      year={2020},
      eprint={1912.06670},
      archivePrefix={arXiv},
      primaryClass={cs.CL}
}

@misc{gumbel-softmax,
      title={Categorical Reparameterization with Gumbel-Softmax}, 
      author={Eric Jang and Shixiang Gu and Ben Poole},
      year={2017},
      eprint={1611.01144},
      archivePrefix={arXiv},
      primaryClass={stat.ML}
}

@misc{wav2vec2-explained,
  author = {Jonathan Bgn},
  title = {Illustrated Wav2Vec 2.0},
  year = {2021},
  howpublished = {\url{https://jonathanbgn.com/2021/09/30/illustrated-wav2vec-2.html}},
  note = {Accesat pe 30 septembrie 2021}
}
